<record><leader>00000cas a2200000 a 4500</leader><controlfield tag="001">9400052</controlfield><controlfield tag="008">830412d18001811ncuwr ne      0    0eng c</controlfield><datafield ind1=" " ind2=" " tag="010"><subfield code="a">sn 83045275 </subfield><subfield code="z">sn 85042117 </subfield></datafield><datafield ind1=" " ind2=" " tag="040"><subfield code="a">CRL</subfield><subfield code="b">eng</subfield><subfield code="c">CRL</subfield><subfield code="d">NPW</subfield><subfield code="d">NPX</subfield><subfield code="d">DLC</subfield><subfield code="d">OCL</subfield><subfield code="d">NVJ</subfield><subfield code="d">CNK</subfield><subfield code="d">FUG</subfield><subfield code="d">NVK</subfield><subfield code="d">OCL</subfield><subfield code="d">CRL</subfield><subfield code="d">CUI</subfield><subfield code="d">OCLCQ</subfield><subfield code="d">DLC</subfield><subfield code="d">OCLCF</subfield></datafield><datafield ind1=" " ind2=" " tag="012"><subfield code="b">3</subfield></datafield><datafield ind1=" " ind2=" " tag="019"><subfield code="a">11795582</subfield></datafield><datafield ind1="1" ind2=" " tag="029"><subfield code="a">AU@</subfield><subfield code="b">000020227679</subfield></datafield><datafield ind1=" " ind2=" " tag="042"><subfield code="a">pcc</subfield></datafield><datafield ind1=" " ind2=" " tag="043"><subfield code="a">n-us-nc</subfield></datafield><datafield ind1="0" ind2="0" tag="050"><subfield code="a">Newspaper</subfield></datafield><datafield ind1=" " ind2="4" tag="050"><subfield code="a">AN</subfield></datafield><datafield ind1="0" ind2=" " tag="130"><subfield code="a">Raleigh register, and North-Carolina state gazette (Raleigh, N.C. : 1800 : Weekly)</subfield></datafield><datafield ind1="1" ind2="0" tag="245"><subfield code="a">Raleigh register, and North-Carolina state gazette.</subfield></datafield><datafield ind1="3" ind2=" " tag="246"><subfield code="a">North-Carolina state gazette</subfield></datafield><datafield ind1=" " ind2=" " tag="260"><subfield code="a">Raleigh, N.C. :</subfield><subfield code="b">Printed by Joseph Gales,</subfield><subfield code="c">1800-1811.</subfield></datafield><datafield ind1=" " ind2=" " tag="300"><subfield code="a">12 v.</subfield></datafield><datafield ind1=" " ind2=" " tag="310"><subfield code="a">Weekly</subfield></datafield><datafield ind1="0" ind2=" " tag="362"><subfield code="a">Vol. 2, no. 59 (Dec. 2, 1800)-v. 13, no. 639 (Dec. 20, 1811).</subfield></datafield><datafield ind1=" " ind2=" " tag="530"><subfield code="a">Available on microfilm from North Carolina Dept. of Archives and History, and Readex Microfilm Products (filmed with other items).</subfield></datafield><datafield ind1=" " ind2="0" tag="651"><subfield code="a">Raleigh (N.C.)</subfield><subfield code="v">Newspapers.</subfield></datafield><datafield ind1=" " ind2="0" tag="651"><subfield code="a">Wake County (N.C.)</subfield><subfield code="v">Newspapers.</subfield></datafield><datafield ind1=" " ind2="7" tag="655"><subfield code="a">Newspapers.</subfield><subfield code="2">fast</subfield><subfield code="0">(OCoLC)fst01423814</subfield></datafield><datafield ind1=" " ind2="7" tag="651"><subfield code="a">North Carolina</subfield><subfield code="z">Raleigh.</subfield><subfield code="2">fast</subfield><subfield code="0">(OCoLC)fst01206341</subfield></datafield><datafield ind1=" " ind2="7" tag="651"><subfield code="a">North Carolina</subfield><subfield code="z">Wake County.</subfield><subfield code="2">fast</subfield><subfield code="0">(OCoLC)fst01204274</subfield></datafield><datafield ind1="1" ind2=" " tag="700"><subfield code="a">Gales, Joseph,</subfield><subfield code="d">1761-1841.</subfield></datafield><datafield ind1="1" ind2=" " tag="700"><subfield code="a">Seaton, William Winston,</subfield><subfield code="d">1785-1866.</subfield></datafield><datafield ind1=" " ind2=" " tag="752"><subfield code="a">United States</subfield><subfield code="b">North Carolina</subfield><subfield code="c">Wake</subfield><subfield code="d">Raleigh.</subfield></datafield><datafield ind1="0" ind2="8" tag="776"><subfield code="i">Online version:</subfield><subfield code="t">Raleigh register, and North-Carolina state gazette (Raleigh, N.C. : 1800 : Weekly : Online)</subfield><subfield code="w">(OCoLC)670576620</subfield></datafield><datafield ind1="0" ind2="0" tag="780"><subfield code="t">Raleigh register, and North-Carolina weekly advertiser</subfield><subfield code="w">(DLC)sn 83045171</subfield><subfield code="w">(OCoLC)9357782</subfield></datafield><datafield ind1="0" ind2="0" tag="785"><subfield code="t">Raleigh register, and North-Carolina gazette (Raleigh, N.C. : 1811 : Weekly)</subfield><subfield code="w">(DLC)sn 84026469</subfield><subfield code="w">(OCoLC)10454442</subfield></datafield></record>